<?xml version="1.0" encoding="UTF-8"?><collection xmlns="http://www.loc.gov/MARC21/slim"><record><leader>00337nam--2200133-i-4500</leader><controlfield tag="001">000042652</controlfield><controlfield tag="002">20161230</controlfield><controlfield tag="005">20161230201043</controlfield><controlfield tag="008">060222s1000------------r-----000-0-eng-d</controlfield><datafield ind1=" " ind2=" " tag="080"><subfield code="a">621.384.6(73)</subfield></datafield><datafield ind1=" " ind2=" " tag="245"><subfield code="a">The stanford two-mile accelerator</subfield></datafield><datafield ind1=" " ind2=" " tag="260"><subfield code="a">New York, W.A.Benjamin, 1968. Xiii + 1169 P</subfield></datafield><datafield ind1=" " ind2=" " tag="700"><subfield code="a">R.B.N Eal</subfield></datafield><datafield ind1=" " ind2=" " tag="852"><subfield code="a">78901</subfield></datafield></record></collection>